@inproceedings{JensenEtAl:11:Lab,
   Author = {Jensen, Jeff C. and Lee, Edward A. and Seshia, Sanjit A.},
   Title = {An Introductory Capstone Design Course on Embedded Systems},
   BookTitle = {International Symposium on Circuits and Systems (ISCAS)},
   Address= {Rio de Janeiro, Brazil},
   Publisher = {IEEE},
   Pages = {1199-1202},
         DOI = {10.1109/ISCAS.2011.5937784},
   Year = {2011}
}
@inproceedings{cricket,
 author = {Priyantha, Nissanka B. and Chakraborty, Anit and Balakrishnan, Hari},
 title = {The Cricket location-support system},
 booktitle = {MobiCom},
 year = {2000},
} 

@inproceedings{RFIDMapping,
author = {Dirk H and Dieter Fox},
title = {Mapping and Localization with RFID Technology},
booktitle = {International Conference on Robotics and Automation},
year = {2003},
masid = {2340339}
}

@article{hofmann1993global,
  title={Global positioning System. Theory and Practice.},
  author={Hofmann-Wellenhof, B. and Lichtenegger, H. and Collins, J.},
  journal={Global Positioning System. Theory and practice., by Hofmann-Wellenhof, B.; Lichtenegger, H.; Collins, J.. Springer, Wien (Austria), 1993, 347 p., ISBN 3-211-82477-4, Price DM 79.00. ISBN 0-387-82477-4 (USA).},
  volume={1},
  year={1993}
}

@article{otsason2005accurate,
  title={Accurate gsm indoor localization},
  author={Otsason, V. and Varshavsky, A. and LaMarca, A. and De Lara, E.},
  journal={UbiComp 2005: Ubiquitous Computing},
  pages={903--903},
  year={2005},
  publisher={Springer}
}

@misc{socketio,
  title = {Socket.IO},
  howpublished = {\url{http://socket.io}},
  note = {Accessed: 12/12/2012}
}

@inproceedings{dawson2010smap,
  title={sMAP: a simple measurement and actuation profile for physical information},
  author={Dawson-Haggerty, S. and Jiang, X. and Tolle, G. and Ortiz, J. and Culler, D.},
  booktitle={Proceedings of the 8th ACM Conference on Embedded Networked Sensor Systems},
  pages={197--210},
  year={2010},
  organization={ACM}
}